@Book{xie2015,
  title = {Dynamic Documents with {R} and knitr},
  author = {Yihui Xie},
  publisher = {Chapman and Hall/CRC},
  address = {Boca Raton, Florida},
  year = {2015},
  edition = {2nd},
  note = {ISBN 978-1498716963},
  url = {http://yihui.org/knitr/},
}

@Book{pearl2016,
title = {Causal Inference in Statistics - A primer},
author = {Judea Pearl, Madelyn Glymour, Nicholas P. Jewell},
publisher = {John Wiley & Sons Ltd},
address = {Chichester, West Sussex, United Kingdom},
year = {2016},
url = {https://www.wiley.com}
}

@Book{brumback2022,
title = {Fundamentals of Causal Inference with R},
author = {Babette A. Brumback},
publisher = {Chapman and Hall/CRC},
address = {Boca Raton, Florida},
year = {2022},
url = {https://www.crcpress.com}
}

@Book{shanninbrumback2021,
title = {Disagreement Concerning Effect-Measures Modification},
author = {Jake Shannin, Babette A. Brumback},
year = {2021},
url = {https://arxiv.org/abs/2105.07285v1}
}

@Book{grimmett,
title = {Probability and Random Processes},
author = {Geoffrey R. Grimmet, David R. Stirzacker},
publisher = {Oxford University Press},
address = {Great Clarendon Street, oxford OX2 6DP},
edition = {3rd},
year = {2001}
}
